@article{fisher1936use,
  title={The use of multiple measurements in taxonomic problems},
  author={Fisher, Ronald A},
  journal={Annals of eugenics},
  volume={7},
  number={2},
  pages={179--188},
  year={1936},
  publisher={Wiley Online Library}
}

@article{alikhani2017evaluation,
  title={Evaluation of the information content of long-term wastewater characteristics data in relation to activated sludge model parameters},
  author={Alikhani, Jamal and Takacs, Imre and Al-Omari, Ahmed and Murthy, Sudhir and Massoudieh, Arash},
  journal={Water Science and Technology},
  volume={75},
  number={6},
  pages={1370--1389},
  year={2017},
  publisher={IWA Publishing}
}
@article{massoudieh2013suspended,
  title={Suspended sediment source apportionment in Chesapeake Bay watershed using Bayesian chemical mass balance receptor modeling},
  author={Massoudieh, Arash and Gellis, Allen and Banks, William S and Wieczorek, Michael E},
  journal={Hydrological Processes},
  volume={27},
  number={24},
  pages={3363--3374},
  year={2013},
  publisher={Wiley Online Library}
}
@article{stewart2015sediment,
  title={Sediment source apportionment in Laurel Hill Creek, PA, using Bayesian chemical mass balance and isotope fingerprinting},
  author={Stewart, Heather A and Massoudieh, Arash and Gellis, Allen},
  journal={Hydrological Processes},
  volume={29},
  number={11},
  pages={2545--2560},
  year={2015},
  publisher={Wiley Online Library}
}
